@ARTICLE{2010folatelli,
   author = {{Folatelli}, G. and {Phillips}, M.~M. and {Burns}, C.~R. and 
	{Contreras}, C. and {Hamuy}, M. and {Freedman}, W.~L. and {Persson}, S.~E. and 
	{Stritzinger}, M. and {Suntzeff}, N.~B. and {Krisciunas}, K. and 
	{Boldt}, L. and {Gonz{\'a}lez}, S. and {Krzeminski}, W. and 
	{Morrell}, N. and {Roth}, M. and {Salgado}, F. and {Madore}, B.~F. and 
	{Murphy}, D. and {Wyatt}, P. and {Li}, W. and {Filippenko}, A.~V. and 
	{Miller}, N.},
    title = "{The Carnegie Supernova Project: Analysis of the First Sample of Low-Redshift Type-Ia Supernovae}",
  journal = {\aj},
archivePrefix = "arXiv",
   eprint = {0910.3317},
 primaryClass = "astro-ph.CO",
 keywords = {distance scale, dust, extinction, galaxies: distances and redshifts, galaxies: ISM, supernovae: general},
     year = 2010,
    month = jan,
   volume = 139,
    pages = {120-144},
      doi = {10.1088/0004-6256/139/1/120},
   adsurl = "{http://adsabs.harvard.edu/abs/2010AJ....139..120F}",
  adsnote = {Provided by the SAO/NASA Astrophysics Data System}
}

@MISC{2018bradley,
  author={{ Bradley}, L. and {Sipocz},B. and {Robitaille},T. and  {Vinícius}, Z.  and
  {Tollerud}, E. and {Deil}, C.; {Barbary}, K and ; {Günther}, H.~M. and  
  {Cara}, M. and {Busko}, I. and {Conseil}, S. and {Droettboom}, M. and
  {Bostroem}, K.~A. and {Bray}, E.~ M. and {Bratholm}, L.~A. and {Craig}, M. and
  {Barentsen}, G. and {Pascual}, S. and {Donath}, A. and {Greco}, J. and {Perren}, G. and 
  {Kerzendorf}, W. and {de Val-Borro}, M. and ; {Littlefair}, S. and {Ogaz}, S. {Lim}, P.~L. and
  {Ferreira}, L. and {D'Eugeni}, F. and ; {Weaver}, B.~A.},
  doi="{http://doi.org/10.5281/zenodo.1340699}",
  year=2018,
  month=aug,
  title="{astropy/photutils: v0.5 (Version v0.5)}"
         }